<record><leader>00000cas a22000007a 4500</leader><controlfield tag="001">15672898</controlfield><controlfield tag="008">870512d19211938njuwr ne      0    0eng d</controlfield><datafield ind1=" " ind2=" " tag="010"><subfield code="a">sn 87068150 </subfield></datafield><datafield ind1=" " ind2=" " tag="040"><subfield code="a">NJW</subfield><subfield code="b">eng</subfield><subfield code="c">NJW</subfield><subfield code="d">OCLCQ</subfield></datafield><datafield ind1=" " ind2=" " tag="042"><subfield code="a">msc</subfield></datafield><datafield ind1="0" ind2="4" tag="245"><subfield code="a">The Plain dealer of North Arlington and South Bergen County.</subfield></datafield><datafield ind1="3" ind2="0" tag="246"><subfield code="a">Plain dealer</subfield></datafield><datafield ind1="3" ind2="0" tag="246"><subfield code="a">Plain dealer of North Arlington &amp; South Bergen</subfield></datafield><datafield ind1=" " ind2=" " tag="260"><subfield code="a">North Arlington, N.J. :</subfield><subfield code="b">Plain Dealer Print. Co.</subfield></datafield><datafield ind1=" " ind2=" " tag="300"><subfield code="a">v.</subfield></datafield><datafield ind1=" " ind2=" " tag="310"><subfield code="a">Weekly</subfield></datafield><datafield ind1="1" ind2=" " tag="362"><subfield code="a">Began in 1921; ceased in 1938?</subfield></datafield><datafield ind1=" " ind2=" " tag="500"><subfield code="a">Published as: Plain dealer of North Arlington &amp; South Bergen, &lt;Apr. 11, 1935-Mar. 19, 1936&gt;.</subfield></datafield><datafield ind1=" " ind2=" " tag="588"><subfield code="a">Description based on: Vol. 11, no. 44 (Aug. 18, 1933).</subfield></datafield><datafield ind1=" " ind2=" " tag="752"><subfield code="a">United States</subfield><subfield code="b">New Jersey</subfield><subfield code="c">Bergen</subfield><subfield code="d">North Arlington.</subfield></datafield><datafield ind1="0" ind2="7" tag="785"><subfield code="t">West Hudson record</subfield></datafield><datafield ind1="0" ind2="7" tag="785"><subfield code="t">Plain dealer, West Hudson record</subfield></datafield></record>